# En este archivo se coloca la bibliografía en formato BibTeX, se recomienda buscar el documento en scholar.google.com y luego hacer click en "citar" y seleccionar el formato "BibTeX" para obtener el snippet que debe ir aquí.

% Recuerde que hay que citar estas entradas en el documento para que aparezcan en la bibliografía. e.g. \cite{schwab2002cure}

% Recuerde NO reemplazar los "and" por "y" en los campos de author, ¡Puesto que "and" es una palabra clave para separarlos!

@book{eso1998vlt,
  title={The VLT White Book},
  author={ESO},
  volume={1},
  number={1},
  pages={333},
  year={1998},
  publisher={ESO}
}

@article{wilson1987active,
  title={Active Optics I. A system for optimizing the optical quality and reducing the costs of large telescopes},
  author={Wilson, R. N. and Franza, F. and Noethe, L.},
  volume={34},
  number={4},
  pages={485--509},
  year={1987},
  publisher={Journal of Modern Optics}
}

@misc{eso2011m2,
  title={The Secondary Mirror, M2 Unit},
  author={ESO},
  year={2011},
  note={\url{https://www.eso.org/sci/facilities/paranal/telescopes/ut/m2unit.html}}
}

@misc{eso2023paranal,
  title={Paranal Telescopes},
  author={ESO},
  year={2023},
  note={\url{https://www.eso.org/sci/facilities/paranal/telescopes.html}}
}

@misc{eso2011m1,
  title={The M1 Cell and M3 Tower},
  author={ESO},
  year={2011},
  note={\url{https://www.eso.org/sci/facilities/paranal/telescopes/ut/m1cellm3.html}}
}

@misc{eso2023vlti,
  title={The Very Large Telescope Interferometer},
  author={ESO},
  year={2023},
  note={\url{https://www.eso.org/sci/facilities/paranal/telescopes/vlti.html}}
}

@misc{eso2011vlt,
  title={The VLT Active Optics System},
  author={ESO},
  year={2011},
  note={\url{https://www.eso.org/sci/facilities/paranal/telescopes/ut/actopt.html}}
}
